2689 3739
881 492 1257 527 Pnonmmau
1283 491 1546 527 Pan1cA.
1815 482 1912 527 359

596 602 654 651 A.
689 602 743 651 Si
766 602 839 651 ita
856 610 947 662 est,
970 618 1071 651 non
1094 618 1218 667 opus
1241 609 1316 651 est
1339 610 1396 650 ut
1421 610 1471 651 te
1500 602 1803 665 interrogem
1826 617 1916 651 cur
1971 623 2062 651 cn.
2083 622 2158 651 vu.

537 673 749 727 fimatur-a
779 678 915 738 ferri,
949 678 1180 741 imposita
1215 678 1434 741 magneti
1468 677 1521 725 in
1552 676 1788 725 distantia
1808 678 1915 741 qui-
1933 668 2162 745 „m

535 750 630 803 dem
665 755 730 803 ab
771 754 925 819 ipsius
960 754 1085 819 polis
1120 754 1352 819 utrinque
1389 753 1582 817 aequali,
1613 754 1801 817 jacebit
1834 754 1915 803 axi
1931 749 2125 789 Pfflffl‘flffi·
2144 752 2204 779 ’ω’

529 830 781 892 parallela:
804 830 855 879 in
878 830 985 879 aliis
1008 838 1174 879 autem
1191 830 1312 878 locis
1329 829 1648 877 inclinabitur
1664 828 1728 877 ad
1746 828 1916 893 polum

529 906 764 969 magnetis
798 905 889 955 sibi
924 906 1218 970 proximum.
1288 906 1395 954 Nec
1426 920 1594 969 quare,
1626 904 1667 953 si
1703 905 1916 954 obelisco

525 978 676 1030 ferreo
699 996 903 1044 magnes
932 980 1184 1029 affricetur
1211 979 1366 1029 ductu
1397 980 1650 1039 continue,
1676 980 1917 1030 obeliscus

523 1055 594 1105 ille
615 1055 825 1105 eosdem
847 1055 1048 1103 habebit
1070 1054 1222 1119 polos.
1315 1054 1489 1118 Neque
1519 1070 1609 1105 cur
1638 1070 1842 1119 magnes
1864 1064 1919 1104 et

523 1131 722 1189 ferrum,
745 1130 850 1179 sive
885 1129 983 1179 duo
1013 1138 1282 1195 magnetes,
1307 1145 1454 1195 super
1482 1146 1660 1195 aquam
1688 1137 1919 1179 natantes

523 1206 642 1255 alter
664 1205 734 1255 ad
756 1205 966 1255 alterum
988 1205 1060 1255 ita
1082 1221 1135 1254 se
1170 1204 1399 1269 applicet,
1423 1213 1480 1253 ut
1511 1221 1683 1254 eorum
1714 1205 1820 1254 axis
1851 1206 1918 1255 sit

526 1281 815 1340 communis,
854 1289 904 1331 et
945 1280 1048 1345 poli
1087 1281 1269 1329 similes
1314 1281 1367 1330 in
1413 1280 1620 1330 eandem
1665 1282 1918 1346 regionem

529 1364 777 1420 spectent3
812 1364 863 1405 et
885 1372 974 1421 per
1000 1371 1303 1420 consequens
1330 1355 1511 1405 similes
1534 1357 1636 1420 poli
1658 1373 1711 1406 se
1746 1366 1919 1406 mutuo

534 1431 780 1496 repellant.
865 1432 993 1481 Nam
1018 1432 1185 1482 omnia
1208 1432 1316 1482 haec
1339 1431 1458 1481 oriri
1495 1440 1703 1496 possunt
1724 1433 1786 1482 ab
1810 1432 1920 1482 uni-

541 1522 620 1556 one
635 1515 875 1557 motuum.
