2689 3739
938 480 1180 515 CURATIO
1209 480 1466 525 sPHAERAE,
1491 480 1611 515 ETc.
1869 470 1958 515 521

577 591 709 656 quod
733 607 914 640 nomen
939 607 1101 639 meum
1130 607 1362 656 magnum
1386 599 1475 651 est,
1499 590 1633 655 quod
1661 591 1711 639 in
1743 590 1838 640 illis
1866 607 1966 640 non

2090 611 2146 638 Al>

577 674 669 716 est.
741 668 927 731 Itaque,
946 667 1281 731 judicantibus
1297 667 1413 715 viris
1435 666 1602 716 liberis
1618 666 1966 731 prudentibus·
1983 664 2247 693 ²⁸⁰F¹³⁸⁹⁰⁸¹⁸

2011 719 2227 747 annocum.

578 759 688 807 que,
711 743 897 791 victum
930 759 982 792 se
1018 759 1121 791 esse
1156 743 1434 791 confitetur.
1503 742 1602 791 Sed
1635 740 1765 790 unde
1788 741 1970 791 accidit
2016 766 2209 789 s-—fd

577 826 635 867 ut
658 818 924 877 Professor,
943 818 1027 882 qui
1045 833 1223 866 nomen
1247 834 1410 865 meum
1433 833 1667 881 magnum
1686 833 1791 866 esse
1807 824 1967 882 putat,

579 910 721 943 suum
745 910 849 943 esse
873 910 973 942 non
998 902 1155 957 putat,
1180 910 1291 942 cum
1325 894 1474 942 toties
1507 910 1586 942 me
1608 893 1966 958 prostraverit?

579 970 977 1035 Conquereretur
998 969 1127 1017 forte
1147 968 1207 1017 de
1226 970 1504 1033 ignorantia
1521 969 1864 1033 judicantium.
1900 970 1970 1018 At

577 1061 667 1093 cur
681 1062 780 1093 non
796 1061 1029 1108 magnum
1044 1060 1222 1093 nomen
1239 1045 1390 1094 habet
1403 1045 1485 1094 ille
1504 1044 1636 1110 apud
1651 1044 1967 1109 algebristas?

578 1120 709 1171 Quia
731 1120 1027 1185 impossibile
1052 1129 1173 1169 erat.
1223 1120 1349 1170 Sunt
1366 1121 1494 1169 enim
1521 1137 1691 1170 omnes
1713 1121 1817 1169 fere
1839 1120 1968 1169 inter

576 1212 628 1246 se
652 1197 878 1261 aequales.
948 1197 1071 1255 Imo,
1095 1204 1210 1245 sunt
1233 1197 1364 1245 inter
1387 1196 1494 1246 illos
1517 1196 1668 1261 aliqui
1692 1197 1777 1261 qui
1800 1196 1966 1245 celeri-

578 1280 680 1321 tate
703 1273 889 1337 ingenii
914 1272 1245 1321 Professorem
1281 1272 1425 1337 longe
1455 1281 1703 1337 superant,
1728 1279 1779 1320 et
1811 1272 1966 1321 multo

575 1348 739 1412 plures
763 1348 995 1397 veritates
1018 1348 1069 1397 in
1092 1348 1266 1397 eodem
1300 1356 1522 1413 tempore
1557 1363 1704 1411 quam
1735 1347 1816 1396 ille
1849 1363 1966 1396 con-

575 1424 734 1472 futare
762 1432 985 1489 possunt.

644 1499 905 1549 Quomodo
930 1507 1093 1548 autem
1126 1498 1454 1547 necessarium
1479 1505 1601 1557 erat,
1625 1498 1674 1545 in
1696 1498 1965 1563 quaestione

577 1576 939 1634 mathematica,
965 1575 1228 1623 admonere
1247 1590 1540 1639 quemquam
1565 1573 1965 1638 qualissuerim?

580 1651 754 1708 Dicere
776 1651 930 1715 qualis
952 1651 1145 1709 fuerim,
1172 1666 1270 1698 non
1295 1657 1370 1697 est
1393 1665 1573 1697 meum.
1642 1650 1741 1699 Qui
1764 1664 1966 1697 conver-

579 1726 764 1774 satione
789 1742 897 1775 mea
932 1727 1008 1775 usi
1041 1735 1157 1775 suut
1183 1726 1482 1789 frequenter,
1505 1724 1575 1773 illi
1608 1724 1791 1773 dicant.
1860 1724 1966 1789 Ego

576 1800 735 1849 dicam
778 1809 985 1861 tantum,
1026 1801 1183 1866 qualis
1223 1817 1322 1849 non
1362 1800 1557 1849 fuerim.
1628 1800 1818 1849 Bellum
1859 1808 1967 1848 erat

575 1876 744 1924 civile:
769 1893 862 1940 ego
886 1879 937 1925 in
960 1878 1182 1940 partibus
1207 1885 1380 1926 contra
1403 1893 1568 1940 regem
1604 1891 1853 1940 nunquam
1877 1875 1965 1924 fui.

573 1953 679 2016 Ego
705 1953 1022 2016 epistolarum
1046 1968 1202 2018 neque
1222 1953 1369 2016 regis,
1385 1967 1543 2016 neque
1566 1953 1853 2015 cujusquam
1882 1951 1965 2015 qui

573 2044 733 2092 affige
757 2029 908 2086 stetit,
924 2045 1104 2078 arcana
1127 2029 1296 2094 aperui
1312 2036 1398 2077 aut
1415 2027 1623 2077 inimicis
1643 2026 1854 2092 prodidi.
1909 2027 1965 2075 In

573 2103 683 2167 lege
706 2103 977 2152 Amnestiae
1011 2120 1121 2168 quae
1159 2112 1366 2168 sequuta
1399 2112 1490 2161 est,
1526 2103 1766 2167 flagitium
1800 2118 1963 2150 meum

572 2178 763 2226 nullum
792 2179 1089 2228 nominatur.
1158 2179 1265 2243 Ego
1293 2179 1430 2227 illum
1453 2194 1553 2227 non
1577 2177 1819 2227 lacessivi:
1856 2185 1964 2226 tan-

572 2252 829 2302 tummodo
871 2253 1117 2317 respondi,
1159 2253 1231 2302 ita
1269 2261 1324 2302 ut
1369 2261 1763 2302 commoveretur
1784 2275 1795 2310 ;
1832 2251 1964 2316 quod

573 2329 816 2392 flagitium
836 2345 935 2377 non
954 2337 1043 2378 est.
1081 2329 1408 2394 Conqueritur
1426 2329 1554 2377 sicut
1576 2344 1714 2392 puer,
1732 2328 1847 2392 quia
1865 2343 1964 2376 non

573 2404 746 2452 vincit:
787 2421 898 2452 cum
932 2413 1096 2453 tamen
1137 2405 1212 2453 sui
1241 2405 1394 2468 ipsius
1426 2404 1571 2468 culpa
1602 2404 1682 2463 sit,
1707 2402 1839 2467 quod
1863 2419 1964 2451 non

572 2479 798 2528 videatur
847 2481 1011 2529 multis
1058 2497 1164 2530 esse
1210 2481 1402 2529 doctus.
1488 2479 1729 2528 Ausculta
1777 2479 1962 2543 paucis,

573 2555 618 2602 Ο
638 2554 888 2604 Professor
908 2556 1230 2605 Academice!
1286 2557 1337 2604 Si
1364 2556 1436 2604 vis
1459 2571 1564 2604 esse
1588 2555 1788 2619 aliquid,
1806 2555 1885 2602 fac
1908 2562 1963 2602 ut

572 2646 682 2694 quae
719 2631 890 2679 scribis
930 2648 959 2679 a
996 2631 1364 2696 quamplurimis
1405 2630 1759 2694 intelligantur.
1832 2629 1962 2678 Cave

573 2721 690 2769 ergo
707 2722 737 2754 a
752 2707 1204 2771 Symbfflograpbia,
1221 2707 1314 2754 nisi
1333 2705 1500 2770 siqua*
1521 2706 1746 2754 omnibus
1762 2705 1964 2768 cognita

571 2779 736 2830 fuerit.
797 2782 943 2830 Utilis
960 2782 1165 2830 fortasse
1184 2797 1289 2830 esse
1306 2789 1470 2845 potest
1491 2782 1580 2830 tibi
1600 2781 1690 2845 ipsi
1709 2781 1759 2829 in
1779 2796 1961 2829 musaeo

573 2866 688 2904 tuo:
725 2857 812 2905 sed
836 2859 887 2906 in
910 2857 1110 2922 populo,
1136 2866 1186 2905 et
1209 2865 1350 2905 extra
1372 2866 1556 2904 sectam
1590 2863 1726 2904 tuam
1758 2856 1960 2916 (sectam

571 2931 682 2980 dico
730 2933 1143 2994 mathematicam)
1188 2931 1533 2980 incantationis
1579 2941 1631 2980 et
1676 2931 1960 2995 imposturae

1078 3102 1099 3123 ⁴*
1128 3100 1194 3140 Sic
1213 3101 1304 3140 edit.
1329 3101 1443 3140 1669.

705 3176 829 3210 VOL.
850 3177 924 3210 lv.
1712 3177 1755 3211 M
1783 3177 1823 3211 M
