2689 3739
994 469 1442 505 esoMssrRARUM.
1814 461 1912 505 465

518 580 619 640 alii,
646 580 905 629 convitiati
932 590 1063 641 sunt,
1088 598 1199 646 quae
1229 598 1378 631 causa
1407 597 1513 632 esse
1540 582 1730 647 potuit?
1800 582 1914 633 Quo

517 656 622 705 laesi
643 656 904 705 fecerunt?
974 655 1332 721 Paralogismus
1357 673 1495 720 meus
1512 657 1747 707 damnum
1771 666 1912 707 tuum

517 748 621 781 non
645 740 736 780 est.
808 732 952 781 Unde
975 733 1127 796 igitur
1154 732 1241 782 irae
1264 732 1439 781 tantae?
1507 734 1587 781 An
1611 749 1641 782 a
1662 733 1769 782 zelo
1794 734 1912 782 boni

519 807 813 866 communis,
853 808 1086 856 nimirum
1131 824 1194 856 ne
1234 817 1631 873 corrumperetur
1676 808 1911 873 paulatim

522 882 900 932 mathematica?
970 883 1173 932 Utinam
1198 884 1395 947 quidem
1425 884 1520 933 illis
1544 884 1769 932 omnibus
1794 900 1914 932 cura

519 958 639 1008 boni
663 959 937 1007 communis
961 967 1101 1007 tanta
1118 967 1262 1018 esset,
1279 969 1335 1008 ut
1353 960 1691 1008 nihilomnino
1708 959 1914 1009 inlibris

518 1034 627 1083 falsi
652 1042 941 1099 paterentur
961 1050 1066 1083 esse
1089 1034 1194 1083 sine
1217 1035 1569 1084 confutatione.
1628 1034 1727 1083 Sed
1749 1034 1820 1083 ita
1839 1043 1916 1084 est

519 1110 686 1168 homo,
701 1109 796 1158 nisi
819 1118 1069 1174 praecepta
1091 1125 1210 1159 vera
1231 1110 1553 1174 philosophiae
1577 1109 1775 1158 moralis
1798 1119 1915 1158 ante

521 1184 766 1241 didicerit,
782 1194 839 1233 ut
862 1185 1043 1233 famam
1067 1193 1153 1234 aut
1175 1184 1366 1234 lucrum
1388 1184 1638 1249 primario,
1654 1184 1916 1234 veritatem

520 1259 815 1310 secundario
839 1269 1056 1325 appetat.
1111 1260 1234 1309 Inde
1257 1269 1332 1309 est
1353 1260 1485 1326 quod
1509 1261 1782 1309 irascantur
1804 1260 1916 1321 illis,

521 1351 736 1400 quorum
763 1335 1009 1385 industria
1036 1335 1188 1384 nimia
1211 1336 1430 1385 veritatis
1459 1336 1543 1385 lux
1566 1336 1795 1385 infertur:
1820 1352 1918 1400 qua

521 1420 746 1475 patescat
793 1411 1036 1468 omnibus,
1074 1411 1297 1475 quantuli
1337 1411 1429 1459 viri
1474 1419 1591 1459 sunt
1626 1411 1709 1475 qui
1746 1411 1918 1460 volunt

521 1486 695 1535 haberi
720 1486 936 1535 maximi.
1005 1486 1111 1550 Ego
1135 1486 1301 1550 aliqua
1322 1482 1519 1551 quidem
1543 1488 1593 1535 in
1628 1486 1820 1535 Euclidi
1842 1502 1918 1535 re-

521 1562 780 1625 prehendi,
816 1578 918 1611 non
952 1569 1117 1610 tamen
1149 1570 1206 1609 ut
1241 1562 1379 1610 illum
1410 1578 1510 1611 non
1544 1555 1713 1625 putem
1750 1563 1916 1625 magni

521 1637 808 1687 faciendum
846 1652 969 1695 esse,
992 1637 1077 1701 qui
1110 1637 1425 1686 scientiarum
1458 1636 1917 1686 mathematicamm

523 1712 880 1762 tradendarum
905 1712 1190 1761 methodum
1217 1712 1403 1777 primus
1426 1712 1645 1761 tradidit.
1694 1712 1831 1760 Nihil
1852 1702 1916 1762 ab

522 1788 822 1837 Archimede
842 1789 1028 1837 editum
1047 1804 1149 1837 non
1168 1788 1330 1837 laudo.
1359 1788 1628 1837 Consilium
1646 1787 1765 1835 mihi
1782 1788 1917 1836 aliud

1949 601 2041 629 cAP.
2063 602 2181 629 xxm.

1967 649 2157 671 s--q—-ae

1932 688 1978 718 no
1989 688 2154 727 quantitate

1930 737 2017 762 rectu
2029 730 2197 769 componito

1929 784 1968 805 ex
1984 775 2068 805 radio
2084 772 2200 809 circuli,

1929 824 1985 849 σω.

524 1879 627 1912 non
655 1872 746 1923 est,
773 1881 919 1928 quam
952 1863 1276 1912 arithmeticae
1306 1873 1356 1912 et
1385 1863 1599 1927 algebrae
1634 1862 1685 1911 in
1716 1855 1934 1911 demon-⁴

524 1939 741 1988 strandis
775 1939 1193 2004 propositionibus
1224 1954 1346 2002 pure
1367 1937 1681 2003 geometricis
1711 1938 1918 1987 abusum

524 2014 719 2075 tollere,
744 2015 785 2063 si
808 2022 1031 2079 potuero,
1100 2013 1235 2062 Vale.

1092 2459 1354 2479 ΙΙ

667 3175 793 3210 vol„
816 3177 890 3210 lv.
1685 3179 1719 3212 u
1751 3179 1785 3213 H
